<?xml version="1.0" encoding="UTF-8"?>
<record xmlns="http://www.loc.gov/MARC21/slim" xmlns:xsi="http://www.w3.org/2001/XMLSchema-instance" xsi:schemaLocation="http://www.loc.gov/MARC21/slim http://www.loc.gov/standards/marcxml/schema/MARC21slim.xsd">
<leader>00000cam a22      a 4500</leader>
<controlfield tag="001">001974495</controlfield>
<controlfield tag="003">NNU</controlfield>
<controlfield tag="005">20150611163342.0</controlfield>
<controlfield tag="008">910821s1988    ir h     b    001 0cara d</controlfield>
<datafield tag="010" ind1=" " ind2=" ">
<subfield code="a">   92933041</subfield>
</datafield>
<datafield tag="035" ind1=" " ind2=" ">
<subfield code="a">(OCoLC)25345979</subfield>
</datafield>
<datafield tag="040" ind1=" " ind2=" ">
<subfield code="a">PUL</subfield>
<subfield code="b">eng</subfield>
<subfield code="c">PUL</subfield>
<subfield code="d">DLC</subfield>
<subfield code="d">OCL</subfield>
<subfield code="d">OCLCG</subfield>
<subfield code="d">OCLCA</subfield>
<subfield code="d">OCLCQ</subfield>
<subfield code="d">OCLCO</subfield>
<subfield code="d">IUL</subfield>
</datafield>
<datafield tag="050" ind1=" " ind2="4">
<subfield code="a">BP80.A275</subfield>
<subfield code="b">R39 1988</subfield>
</datafield>
<datafield tag="100" ind1="1" ind2=" ">
<subfield code="6">880-01</subfield>
<subfield code="a">Rāzī, Fakhr al-Dīn Muḥammad ibn ʻUmar,</subfield>
<subfield code="d">1149 or 1150-1210.</subfield>
</datafield>
<datafield tag="245" ind1="1" ind2="3">
<subfield code="6">880-02</subfield>
<subfield code="a">al-Shajarah al-mubārakah fī ansāb al-Ṭālibīyah /</subfield>
<subfield code="c">lil-Imām Fakhr al-Rāzī ; taḥqīq Mahdī al-Rajāʼī ; ishrāf Maḥmūd al-Marʻashī.</subfield>
</datafield>
<datafield tag="250" ind1=" " ind2=" ">
<subfield code="6">880-03</subfield>
<subfield code="a">al-Ṭabʻah 1.</subfield>
</datafield>
<datafield tag="260" ind1=" " ind2=" ">
<subfield code="6">880-04</subfield>
<subfield code="a">Qum :</subfield>
<subfield code="b">Maktabat Āyat Allāh al-ʻUẓmá al-Marʻashī al-Najafī al-ʻĀmmah,</subfield>
<subfield code="c">1409 [1988 or 1989]</subfield>
</datafield>
<datafield tag="300" ind1=" " ind2=" ">
<subfield code="a">14, 391 pages :</subfield>
<subfield code="b">facsimiles ;</subfield>
<subfield code="c">25 cm.</subfield>
</datafield>
<datafield tag="336" ind1=" " ind2=" ">
<subfield code="a">text</subfield>
<subfield code="b">txt</subfield>
<subfield code="2">rdacontent</subfield>
</datafield>
<datafield tag="337" ind1=" " ind2=" ">
<subfield code="a">unmediated</subfield>
<subfield code="b">n</subfield>
<subfield code="2">rdamedia</subfield>
</datafield>
<datafield tag="338" ind1=" " ind2=" ">
<subfield code="a">volume</subfield>
<subfield code="b">nc</subfield>
<subfield code="2">rdacarrier</subfield>
</datafield>
<datafield tag="490" ind1="1" ind2=" ">
<subfield code="6">880-05</subfield>
<subfield code="a">Makhṭūṭāt Maktabat Āyat Allāh al-Marʻashī al-ʻĀmmah ;</subfield>
<subfield code="v">31</subfield>
</datafield>
<datafield tag="504" ind1=" " ind2=" ">
<subfield code="a">Includes bibliographical references and indexes.</subfield>
</datafield>
<datafield tag="600" ind1="0" ind2="0">
<subfield code="6">880-06</subfield>
<subfield code="a">Abū Ṭālib ʻAbd Manāf ibn ʻAbd al-Muṭṭalib,</subfield>
<subfield code="d">approximately 540-approximately 619</subfield>
<subfield code="x">Family.</subfield>
</datafield>
<datafield tag="650" ind1=" " ind2="0">
<subfield code="a">Shiites</subfield>
<subfield code="x">Genealogy</subfield>
<subfield code="v">Early works to 1800.</subfield>
</datafield>
<datafield tag="653" ind1="0" ind2=" ">
<subfield code="a">Family of ʻAlī ibn Abī Ṭālib</subfield>
</datafield>
<datafield tag="700" ind1="1" ind2=" ">
<subfield code="a">Rajāʼī, Mahdī</subfield>
<subfield code="6">880-07</subfield>
</datafield>
<datafield tag="700" ind1="1" ind2=" ">
<subfield code="6">880-08</subfield>
<subfield code="a">Marʻashī, Maḥmūd.</subfield>
</datafield>
<datafield tag="776" ind1="0" ind2="8">
<subfield code="i">Online version:</subfield>
<subfield code="a">Rāzī, Fakhr al-Dīn Muḥammad ibn ʻUmar, 1149 or 1150-1210.</subfield>
<subfield code="t">Shajarah al-mubārakah fī ansāb al-Ṭālibīyah.</subfield>
<subfield code="b">al-Ṭabʻah 1.</subfield>
<subfield code="d">Qum : Maktabat Āyat Allāh al-ʻUẓmá al-Marʻashī al-Najafī al-ʻĀmmah, 1409 [1988 or 1989]</subfield>
<subfield code="w">(OCoLC)891558439</subfield>
</datafield>
<datafield tag="880" ind1="1" ind2=" ">
<subfield code="6">100-01/</subfield>
<subfield code="a">رازي، فخر الدين محمد بن عمر،</subfield>
<subfield code="d">1149 or 1150-1210.</subfield>
</datafield>
<datafield tag="880" ind1="1" ind2="2">
<subfield code="6">245-02/</subfield>
<subfield code="a">الشجرة المباركة في أنساب الطالبية /</subfield>
<subfield code="c">لفخر الرازي ؛ تحقيق مهدي الرجائي ؛ اشراف محمود المرعشي.</subfield>
</datafield>
<datafield tag="880" ind1=" " ind2=" ">
<subfield code="6">250-03/</subfield>
<subfield code="a">الطبعة 1.</subfield>
</datafield>
<datafield tag="880" ind1=" " ind2=" ">
<subfield code="6">260-04/</subfield>
<subfield code="a">قم :</subfield>
<subfield code="b">مكتبة آية الله العظمى المرعشي النجفي العامة،</subfield>
<subfield code="c">1409 [1988 or 1989]</subfield>
</datafield>
<datafield tag="880" ind1="1" ind2=" ">
<subfield code="6">490-05/</subfield>
<subfield code="a">مخطوطات مكتبة آية الله المرعشي العامة ؛</subfield>
<subfield code="v">31</subfield>
</datafield>
<datafield tag="880" ind1="0" ind2="4">
<subfield code="6">600-06/</subfield>
<subfield code="a">ابو طالب عبد مناف بن عبد المطلب،</subfield>
<subfield code="d">approximately 540-approximately 619.</subfield>
</datafield>
<datafield tag="880" ind1="1" ind2=" ">
<subfield code="6">700-07/</subfield>
<subfield code="a">رجائي، مهدي.</subfield>
</datafield>
<datafield tag="880" ind1="1" ind2=" ">
<subfield code="6">700-08/</subfield>
<subfield code="a">مرعشي، محمود.</subfield>
</datafield>
<datafield tag="830" ind1=" " ind2="0">
<subfield code="6">880-09</subfield>
<subfield code="a">Min makhṭūṭāt Maktabat Āyat Allāh al-Marʻashī al-ʻĀmmah ;</subfield>
<subfield code="v">31.</subfield>
</datafield>
<datafield tag="880" ind1=" " ind2="0">
<subfield code="6">830-09/</subfield>
<subfield code="a">من مخطوطات مكتبة آية الله المرعشي العامة ؛</subfield>
<subfield code="v">31.</subfield>
</datafield>
<datafield tag="OWN" ind1=" " ind2=" ">
<subfield code="a">GENERAL</subfield>
</datafield>
<datafield tag="AVA" ind1=" " ind2=" ">
<subfield code="a">NYU50</subfield>
<subfield code="b">BOBST</subfield>
<subfield code="c">Main Collection</subfield>
<subfield code="d">BP193 .R39 1988</subfield>
<subfield code="e">unavailable</subfield>
<subfield code="t">Unavailable</subfield>
<subfield code="f">1</subfield>
<subfield code="g">1</subfield>
<subfield code="h">N</subfield>
<subfield code="i">0</subfield>
<subfield code="j">MAIN</subfield>
<subfield code="k">0</subfield>
</datafield>
</record>
